@article{Escudero:2016ksa,
  author = "Escudero, Miguel and Rius, Nuria and Sanz, Ver\'onica",
  title = "{Sterile Neutrino portal to Dark Matter II: Exact Dark symmetry}",
  eprint = "1607.02373",
  archivePrefix = "arXiv",
  primaryClass = "hep-ph",
  doi = "10.1140/epjc/s10052-017-4963-x",
  journal = "Eur. Phys. J. C",
  volume = "77",
  number = "6",
  pages = "397",
  year = "2017",
}

@article{Patel:2019zky,
  author = "Patel, Hiren H. and Profumo, Stefano and Shakya, Bibhushan",
  title = "{Loop dominated signals from neutrino portal dark matter}",
  eprint = "1912.05581",
  archivePrefix = "arXiv",
  primaryClass = "hep-ph",
  reportNumber = "CERN-TH-2019-203",
  doi = "10.1103/PhysRevD.101.095001",
  journal = "Phys. Rev. D",
  volume = "101",
  number = "9",
  pages = "095001",
  year = "2020",
}

@article{Roland:2015yoa,
  author = "Roland, Samuel B. and Shakya, Bibhushan and Wells, James D.",
  title = "{PeV neutrinos and a 3.5 keV x-ray line from a PeV-scale
           supersymmetric neutrino sector}",
  eprint = "1506.08195",
  archivePrefix = "arXiv",
  primaryClass = "hep-ph",
  reportNumber = "MCTP-15-13, CETUP2015-009",
  doi = "10.1103/PhysRevD.92.095018",
  journal = "Phys. Rev. D",
  volume = "92",
  number = "9",
  pages = "095018",
  year = "2015",
}

@article{Escudero:2016tzx,
  author = "Escudero, Miguel and Rius, Nuria and Sanz, Ver\'onica",
  title = "{Sterile neutrino portal to Dark Matter I: The $U(1)_{B-L}$ case}",
  eprint = "1606.01258",
  archivePrefix = "arXiv",
  primaryClass = "hep-ph",
  reportNumber = "FTUV-16-0419, IFIC-16-32",
  doi = "10.1007/JHEP02(2017)045",
  journal = "JHEP",
  volume = "02",
  pages = "045",
  year = "2017",
}

@article{Batell:2017cmf,
  author = "Batell, Brian and Han, Tao and McKeen, David and Shams Es Haghi,
            Barmak",
  title = "{Thermal Dark Matter Through the Dirac Neutrino Portal}",
  eprint = "1709.07001",
  archivePrefix = "arXiv",
  primaryClass = "hep-ph",
  reportNumber = "PITT-PACC-1710",
  doi = "10.1103/PhysRevD.97.075016",
  journal = "Phys. Rev. D",
  volume = "97",
  number = "7",
  pages = "075016",
  year = "2018",
}

@article{Tang:2016sib,
  author = "Tang, Yi-Lei and Zhu, Shou-hua",
  title = "{Dark Matter Relic Abundance and Light Sterile Neutrinos}",
  eprint = "1609.07841",
  archivePrefix = "arXiv",
  primaryClass = "hep-ph",
  doi = "10.1007/JHEP01(2017)025",
  journal = "JHEP",
  volume = "01",
  pages = "025",
  year = "2017",
}

@article{Tang:2015coo,
  author = "Tang, Yi-Lei and Zhu, Shou-hua",
  title = "{Dark matter annihilation into right-handed neutrinos and the
           galactic center gamma-ray excess}",
  eprint = "1512.02899",
  archivePrefix = "arXiv",
  primaryClass = "hep-ph",
  doi = "10.1007/JHEP03(2016)043",
  journal = "JHEP",
  volume = "03",
  pages = "043",
  year = "2016",
}

@article{Allahverdi:2016fvl,
  author = "Allahverdi, Rouzbeh and Gao, Yu and Knockel, Bradley and Shalgar,
            Shashank",
  title = "{Indirect Signals from Solar Dark Matter Annihilation to Long-lived
           Right-handed Neutrinos}",
  eprint = "1612.03110",
  archivePrefix = "arXiv",
  primaryClass = "hep-ph",
  reportNumber = "MI-TH-1632, WSU-HEP-1608, LA-UR-16-29252",
  doi = "10.1103/PhysRevD.95.075001",
  journal = "Phys. Rev. D",
  volume = "95",
  number = "7",
  pages = "075001",
  year = "2017",
}

@article{Campos:2017odj,
  author = "Campos, Miguel D. and Queiroz, Farinaldo S. and Yaguna, Carlos E.
            and Weniger, Christoph",
  title = "{Search for right-handed neutrinos from dark matter annihilation with
           gamma-rays}",
  eprint = "1702.06145",
  archivePrefix = "arXiv",
  primaryClass = "hep-ph",
  doi = "10.1088/1475-7516/2017/07/016",
  journal = "JCAP",
  volume = "07",
  pages = "016",
  year = "2017",
}

@article{Macias:2015cna,
  author = "Gonzalez Macias, Vannia and Wudka, Jose",
  title = "{Effective theories for Dark Matter interactions and the neutrino
           portal paradigm}",
  eprint = "1506.03825",
  archivePrefix = "arXiv",
  primaryClass = "hep-ph",
  doi = "10.1007/JHEP07(2015)161",
  journal = "JHEP",
  volume = "07",
  pages = "161",
  year = "2015",
}

@article{Falkowski:2009yz,
  author = "Falkowski, Adam and Juknevich, Jose and Shelton, Jessie",
  title = "{Dark Matter Through the Neutrino Portal}",
  eprint = "0908.1790",
  archivePrefix = "arXiv",
  primaryClass = "hep-ph",
  reportNumber = "RU-NHETC-09-15",
  month = "8",
  year = "2009",
}

@article{Cherry:2014xra,
  author = "Cherry, John F. and Friedland, Alexander and Shoemaker, Ian M.",
  title = "{Neutrino Portal Dark Matter: From Dwarf Galaxies to IceCube}",
  eprint = "1411.1071",
  archivePrefix = "arXiv",
  primaryClass = "hep-ph",
  reportNumber = "CP3-Origins-2014-034, DIAS-2014-34, LA-UR-14-28339",
  month = "11",
  year = "2014",
}

@article{Batell:2017rol,
  author = "Batell, Brian and Han, Tao and Shams Es Haghi, Barmak",
  title = "{Indirect Detection of Neutrino Portal Dark Matter}",
  eprint = "1704.08708",
  archivePrefix = "arXiv",
  primaryClass = "hep-ph",
  reportNumber = "PITT-PACC-1620",
  doi = "10.1103/PhysRevD.97.095020",
  journal = "Phys. Rev. D",
  volume = "97",
  number = "9",
  pages = "095020",
  year = "2018",
}

@article{Gori:2018lem,
  author = "Gori, Stefania and Profumo, Stefano and Shakya, Bibhushan",
  title = "{Wobbly Dark Matter Signals at Cherenkov Telescopes from Long Lived
           Mediator Decays}",
  eprint = "1812.08694",
  archivePrefix = "arXiv",
  primaryClass = "astro-ph.HE",
  doi = "10.1103/PhysRevLett.122.191103",
  journal = "Phys. Rev. Lett.",
  volume = "122",
  number = "19",
  pages = "191103",
  year = "2019",
}


@article{Shakya:2018qzg,
  author = "Shakya, Bibhushan and Wells, James D.",
  title = "{Exotic Sterile Neutrinos and Pseudo-Goldstone Phenomenology}",
  eprint = "1801.02640",
  archivePrefix = "arXiv",
  primaryClass = "hep-ph",
  reportNumber = "LCTP-18-01",
  doi = "10.1007/JHEP02(2019)174",
  journal = "JHEP",
  volume = "02",
  pages = "174",
  year = "2019",
}
